
@article{fowlie_emissions_2010,
	title = {Emissions Trading, Electricity Restructuring, and Investment in Pollution Abatement},
	volume = {100},
	issn = {0002-8282},
	url = {http://www.aeaweb.org/articles?id=10.1257/aer.100.3.837},
	doi = {10.1257/aer.100.3.837},
	pages = {837--869},
	number = {3},
	journaltitle = {American Economic Review},
	author = {Fowlie, Meredith},
	urldate = {2019-08-30},
	date = {2010},
	langid = {english},
	keywords = {Economics of Regulation, Electric Utilities, Industry Studies: Utilities and Transportation: Government Policy, Air Pollution, Hazardous Waste, Noise, Recycling, Environmental Economics: Government Policy, Solid Waste, Water Pollution},
	file = {Fowlie - 2010 - Emissions Trading, Electricity Restructuring, and .pdf:/home/matt/Zotero/storage/YWIFJYV5/Fowlie - 2010 - Emissions Trading, Electricity Restructuring, and .pdf:application/pdf}
}

